@book{wickham2017,
 author = {Wickham, Hadley and Grolemund, Garrett},
 title = {R for Data Science: Import, Tidy, Transform, Visualize, and Model Data},
 year = {2017},
 isbn = {1491910399, 9781491910399},
 edition = {1st},
 publisher = {O'Reilly Media, Inc.},
} 

@article{laube2011,
 author = {Patrick Laube and Ross S. Purves},
 title = {How fast is a cow? Cross - Scale Analysis of Movement Data},
 journal = {Transactions in GIS},
 volume = {15},
 number = {3},
 pages = {401-418},
 year = {2011},
 doi = {10.1111/j.1467-9671.2011.01256.x},
 url = {https://onlinelibrary.wiley.com/doi/abs/10.1111/j.1467-9671.2011.01256.x},
eprint = {https://onlinelibrary.wiley.com/doi/pdf/10.1111/j.1467-9671.2011.01256.x}
}

@Unpublished{both2018,
 author = {Alan Both, Kevin Buchin, Matt Duckham, Patrick Laube, Dongliang Peng, Ross S.
Purves, Stef Sijben, Rodrigo I. Silveira, Yaguang Tao, Kevin Toohey},
 title = {A Comparative Analysis of Trajectory Similarity Measures: Recommendations for Selection and Use},
 year = {2018},
 note = {in review with PLOS ONE, confidential}
 
}

